@inproceedings{koolen2016balance,
  title={Balance control using center of mass height variation: limitations imposed by unilateral contact},
  author={Koolen, Twan and Posa, Michael and Tedrake, Russ},
  booktitle={IEEE-RAS International Conference on Humanoid Robots (Humanoids)},
  pages={8--15},
  year={2016},
}
@inproceedings{pratt2007derivation,
  title={Derivation and application of a conserved orbital energy for the inverted pendulum bipedal walking model},
  author={Pratt, Jerry E and Drakunov, Sergey V},
  booktitle={IEEE International Conference on Robotics and Automation (ICRA)},
  pages={4653--4660},
  year={2007},
}
@inproceedings{caron2018balance,
  title={Balance control using both ZMP and COM height variations: A convex boundedness approach},
  author={Caron, St{\'e}phane and Mallein, Bastien},
  booktitle={IEEE International Conference on Robotics and Automation (ICRA)},
  pages={1779--1784},
  year={2018},
}

@article{caron2018capturability,
  title={Capturability-based Analysis, Optimization and Control of 3D Bipedal Walking},
  author={St{\'e}phane Caron and Adrien Escande and Leonardo Lanari and Bastien Mallein},
  journal={CoRR},
  year={2018},
  volume={abs/1801.07022}
}
@inproceedings{lanari2014boundedness,
  title={Boundedness issues in planning of locomotion trajectories for biped robots},
  author={Lanari, Leonardo and Hutchinson, Seth and Marchionni, Luca},
  booktitle={IEEE-RAS International Conference on Humanoid Robots (Humanoids)},
  pages={951--958},
  year={2014},
}

%% Height planning and gait
@inproceedings{englsberger2013three,
  title={Three-dimensional bipedal walking control using divergent component of motion},
  author={Englsberger, Johannes and Ott, Christian and Albu-Sch{\"a}ffer, Alin},
  booktitle={IEEE/RSJ International Conference on Intelligent Robots and Systems (IROS)},
  pages={2600--2607},
  year={2013},
}
@inproceedings{hopkins2014humanoid,
  title={Humanoid locomotion on uneven terrain using the time-varying divergent component of motion},
  author={Hopkins, Michael A and Hong, Dennis W and Leonessa, Alexander},
  booktitle={IEEE-RAS International Conference on Humanoid Robots (Humanoids)},
  pages={266--272},
  year={2014},
}
@article{gao2017increase,
  title={Increase the feasible step region of biped robots through active vertical flexion and extension motions},
  author={Gao, Wei and Jia, Zhenzhong and Fu, Chenglong},
  journal={Robotica},
  volume={35},
  number={7},
  pages={1541--1561},
  year={2017},
  publisher={Cambridge University Press}
}

@inproceedings{nguyen2017dynamic,
  title={Dynamic walking on randomly-varying discrete terrain with one-step preview},
  author={Nguyen, Quan and Agrawal, Ayush and Da, Xingye and Martin, William C and Geyer, Hartmut and Grizzle, Jessy W and Sreenath, Koushil},
  booktitle={Robotics: Science and Systems (RSS)},
  year={2017}
}
@inproceedings{liu2015trajectory,
  title={Trajectory generation for dynamic walking in a humanoid over uneven terrain using a 3d-actuated dual-slip model},
  author={Liu, Yiping and Wensing, Patrick M and Orin, David E and Zheng, Yuan F},
  booktitle={IEEE/RSJ International Conference on Intelligent Robots and Systems (IROS)},
  pages={374--380},
  year={2015},
}

@phdthesis{schwind1998spring,
  title={Spring loaded inverted pendulum running: A plant model.},
  author={Schwind, William John},
  school={University of Michigan},
  year={1998}
}
%% Straight leg walking & natural
@inproceedings{terada2007online,
  title={Online gait planning with dynamical 3D-symmetrization method},
  author={Terada, Koji and Kuniyoshi, Yasuo},
  booktitle={IEEE-RAS International Conference on Humanoid Robots (Humanoids)},
  pages={222--227},
  year={2007},
}
@inproceedings{griffin2018straight,
  title={Straight-Leg Walking Through Underconstrained Whole-Body Control},
  author={Griffin, Robert J and Wiedebach, Georg and Bertrand, Sylvain and Leonessa, Alexander and Pratt, Jerry},
  booktitle={IEEE International Conference on Robotics and Automation (ICRA)},
  pages={1--5},
  year={2018},
}
@inproceedings{you2016straight,
  title={Straight leg walking strategy for torque-controlled humanoid robots},
  author={You, Yangwei and Xin, Songyan and Zhou, Chengxu and Tsagarakis, Nikos},
  booktitle={IEEE International Conference on Robotics and Biomimetics (ROBIO)},
  pages={2014--2019},
  year={2016},
}
@inproceedings{brasseur2015robust,
  title={A robust linear MPC approach to online generation of 3D biped walking motion},
  author={Brasseur, Camille and Sherikov, Alexander and Collette, Cyrille and Dimitrov, Dimitar and Wieber, Pierre-Brice},
  booktitle={IEEE-RAS International Conference on Humanoid Robots (Humanoids)},
  pages={595--601},
  year={2015},
}
@inproceedings{kajita2017biped,
  title={Biped walking pattern generation based on spatially quantized dynamics},
  author={Kajita, Shuuji and Benallegue, Mehdi and Cisneros, Rafael and Sakaguchi, Takeshi and Nakaoka, Shin'ichiro and Morisawa, Mitsuharu and Kaneko, Kenji and Kanehiro, Fumio},
  booktitle={IEEE-RAS International Conference on Humanoid Robotics (Humanoids)},
  pages={599--605},
  year={2017},
}
@article{wang2012optimizing,
  title={Optimizing locomotion controllers using biologically-based actuators and objectives},
  author={Wang, Jack M and Hamner, Samuel R and Delp, Scott L and Koltun, Vladlen},
  journal={ACM transactions on graphics},
  volume={31},
  number={4},
  year={2012},
  publisher={NIH Public Access}
}
%% Whole robot model
@inproceedings{yamaguchi1999development,
  title={Development of a bipedal humanoid robot-control method of whole body cooperative dynamic biped walking},
  author={Yamaguchi, Jin'ichi and Soga, Eiji and Inoue, Sadatoshi and Takanishi, Atsuo},
  booktitle={IEEE International Conference on Robotics and Automation (ICRA)},
  volume={1},
  pages={368--374},
  year={1999},
}
%% sim
@inproceedings{koenig2004design,
  title={Design and use paradigms for Gazebo, an open-source multi-robot simulator.},
  author={Koenig, Nathan P and Howard, Andrew},
  booktitle={IROS},
  volume={4},
  pages={2149--2154},
  year={2004},
  organization={Citeseer}
}
%% LIP
@inproceedings{kajita20013d,
  title={The 3D Linear Inverted Pendulum Mode: A simple modeling for a biped walking pattern generation},
  author={Kajita, Shuuji and Kanehiro, Fumio and Kaneko, Kenji and Yokoi, Kazuhito and Hirukawa, Hirohisa},
  booktitle={IEEE/RSJ International Conference on Intelligent Robots and Systems (IROS)},
  volume={1},
  pages={239--246},
  year={2001},
}

%% Fundamental ICP
@article{kajita1992dynamic,
  title={Dynamic walking control of a biped robot along a potential energy conserving orbit},
  author={Kajita, Shuuji and Yamaura, Tomio and Kobayashi, Akira},
  journal={Transactions on Robotics and Automation},
  volume={8},
  number={4},
  pages={431--438},
  year={1992},
  publisher={IEEE}
}
@inproceedings{pratt2006capture,
  title={Capture point: A step toward humanoid push recovery},
  author={Pratt, Jerry and Carff, John and Drakunov, Sergey and Goswami, Ambarish},
  booktitle={IEEE-RAS International Conference on Humanoid Robots (Humanoids)},
  pages={200--207},
  year={2006},
}
@article{koolen2012capturability,
  title={Capturability-based analysis and control of legged locomotion, Part 1: Theory and application to three simple gait models},
  author={Koolen, Twan and De Boer, Tomas and Rebula, John and Goswami, Ambarish and Pratt, Jerry},
  journal={The International Journal of Robotics Research},
  volume={31},
  number={9},
  pages={1094--1113},
  year={2012},
  publisher={SAGE Publications Sage UK: London, England}
}
@article{hof2008extrapolated,
  title={The ‘extrapolated center of mass’ concept suggests a simple control of balance in walking},
  author={Hof, At L},
  journal={Human movement science},
  volume={27},
  number={1},
  pages={112--125},
  year={2008},
  publisher={Elsevier}
}
@inproceedings{takenaka2009real,
  title={Real time motion generation and control for biped robot-1 st report: Walking gait pattern generation},
  author={Takenaka, Toru and Matsumoto, Takashi and Yoshiike, Takahide},
  booktitle={IEEE/RSJ International Conference on Intelligent Robots and Systems (IROS)},
  pages={1084--1091},
  year={2009},
}
@inproceedings{stephens2007humanoid,
  title={Humanoid push recovery},
  author={Stephens, Benjamin},
  booktitle={IEEE-RAS International Conference on Humanoid Robots (Humanoids)},
  pages={589--595},
  year={2007},
}
%% IP
@article{kuo2005energetic,
  title={Energetic consequences of walking like an inverted pendulum: step-to-step transitions},
  author={Kuo, Arthur D and Donelan, J Maxwell and Ruina, Andy},
  journal={Exercise and Sport Sciences Reviews},
  volume={33},
  number={2},
  pages={88--97},
  year={2005},
  publisher={LWW}
}
@article{lee1998determinants,
  title={Determinants of the center of mass trajectory in human walking and running.},
  author={Lee, Cynthia R and Farley, Claire T},
  journal={Journal of Experimental Biology},
  volume={201},
  number={21},
  pages={2935--2944},
  year={1998},
  publisher={The Company of Biologists Ltd}
}
%% ZMP/CoP
@article{vukobratovic2004zero,
  title={Zero-moment point—thirty five years of its life},
  author={Vukobratovi{\'c}, Miomir and Borovac, Branislav},
  journal={International Journal of Humanoid Robotics},
  volume={1},
  number={01},
  pages={157--173},
  year={2004},
  publisher={World Scientific}
}
@article{popovic2005ground,
  title={Ground reference points in legged locomotion: Definitions, biological trajectories and control implications},
  author={Popovic, Marko B and Goswami, Ambarish and Herr, Hugh},
  journal={The International Journal of Robotics Research},
  volume={24},
  number={12},
  pages={1013--1032},
  year={2005},
  publisher={SAGE Publications}
}
@article{sardain2004forces,
  title={Forces acting on a biped robot. Center of pressure-zero moment point},
  author={Sardain, Philippe and Bessonnet, Guy},
  journal={Transactions on Systems, Man, and Cybernetics-Part A: Systems and Humans},
  volume={34},
  number={5},
  pages={630--637},
  year={2004},
  publisher={IEEE}
}
@article{vukobratovic1969contribution,
  title={Contribution to the synthesis of biped gait},
  author={Vukobratovic, Miomir and Juricic, Davor},
  journal={Transactions on Biomedical Engineering},
  number={1},
  pages={1--6},
  year={1969},
  publisher={IEEE}
} 
%zram
@inproceedings{goswami2004rate,
  title={Rate of change of angular momentum and balance maintenance of biped robots},
  author={Goswami, Ambarish and Kallem, Vinutha},
  booktitle={IEEE International Conference on Robotics and Automation (ICRA)},
  volume={4},
  pages={3785--3790},
  year={2004},
}
%% trajectory optimization
@article{kelly2017introduction,
  title={An introduction to trajectory optimization: how to do your own direct collocation},
  author={Kelly, Matthew},
  journal={SIAM Review},
  volume={59},
  number={4},
  pages={849--904},
  year={2017},
  publisher={SIAM}
}
%% HZD
@article{westervelt2003hybrid,
  title={Hybrid zero dynamics of planar biped walkers},
  author={Westervelt, Eric R and Grizzle, Jessy W and Koditschek, Daniel E},
  year={2003}
}
%% phd thesis robert, misschien vervangen door losse papers
@phdthesis{griffin2017natural,
  title={Natural, Efficient Walking for Compliant Humanoid Robots},
  author={Griffin, Robert James},
  year={2017},
  school={Virginia Tech}
}
%% walking
@incollection{charalambous2014walking,
  title={Walking patterns of normal men},
  author={Charalambous, Charalambos P},
  booktitle={Classic Papers in Orthopaedics},
  pages={393--395},
  year={2014},
  publisher={Springer}
}
%% whole body control
@article{koolen2016design,
  title={Design of a momentum-based control framework and application to the humanoid robot atlas},
  author={Koolen, Twan and Bertrand, Sylvain and Thomas, Gray and De Boer, Tomas and Wu, Tingfan and Smith, Jesper and Englsberger, Johannes and Pratt, Jerry},
  journal={International Journal of Humanoid Robotics},
  volume={13},
  number={01},
  pages={1650007},
  year={2016},
  publisher={World Scientific}
}
@inproceedings{sentis2006whole,
  title={A whole-body control framework for humanoids operating in human environments},
  author={Sentis, Luis and Khatib, Oussama},
  booktitle={IEEE International Conference on Robotics and Automation (ICRA)},
  pages={2641--2648},
  year={2006},
}
@inproceedings{kajita2003resolved,
  title={Resolved momentum control: Humanoid motion planning based on the linear and angular momentum},
  author={Kajita, Shuuji and Kanehiro, Fumio and Kaneko, Kenji and Fujiwara, Kiyoshi and Harada, Kensuke and Yokoi, Kazuhito and Hirukawa, Hirohisa},
  booktitle={IEEE/RSJ International Conference on Intelligent Robots and Systems (IROS)},
  volume={2},
  pages={1644--1650},
  year={2003},
}
%% state estimation
@article{kuindersma2016optimization,
  title={Optimization-based locomotion planning, estimation, and control design for the atlas humanoid robot},
  author={Kuindersma, Scott and Deits, Robin and Fallon, Maurice and Valenzuela, Andr{\'e}s and Dai, Hongkai and Permenter, Frank and Koolen, Twan and Marion, Pat and Tedrake, Russ},
  journal={Autonomous Robots},
  volume={40},
  number={3},
  pages={429--455},
  year={2016},
  publisher={Springer}
}
@article{johnson2015team,
  title={Team IHMC's lessons learned from the DARPA robotics challenge trials},
  author={Johnson, Matthew and Shrewsbury, Brandon and Bertrand, Sylvain and Wu, Tingfan and Duran, Daniel and Floyd, Marshall and Abeles, Peter and Stephen, Douglas and Mertins, Nathan and Lesman, Alex and others},
  journal={Journal of Field Robotics},
  volume={32},
  number={2},
  pages={192--208},
  year={2015},
  publisher={Wiley Online Library}
}
%% footstep planning
@inproceedings{chestnutt2005footstep,
  title={Footstep planning for the honda asimo humanoid},
  author={Chestnutt, Joel and Lau, Manfred and Cheung, German and Kuffner, James and Hodgins, Jessica and Kanade, Takeo},
  booktitle={IEEE International Conference on Robotics and Automation (ICRA)},
  pages={629--634},
  year={2005},
}
@article{griffin2017walking,
  title={Walking stabilization using step timing and location adjustment on the humanoid robot, atlas},
  author={Griffin, Robert J and Wiedebach, Georg and Bertrand, Sylvain and Leonessa, Alexander and Pratt, Jerry},
  journal={arXiv preprint arXiv:1703.00477},
  year={2017}
}
@inproceedings{deits2014footstep,
  title={Footstep planning on uneven terrain with mixed-integer convex optimization},
  author={Deits, Robin and Tedrake, Russ},
  booktitle={IEEE-RAS International Conference on Humanoid Robots (Humanoids)},
  pages={279--286},
  year={2014},
}
%% ICP plan
@inproceedings{englsberger2012integration,
  title={Integration of vertical com motion and angular momentum in an extended capture point tracking controller for bipedal walking},
  author={Englsberger, Johannes and Ott, Christian},
  booktitle={IEEE-RAS International Conference on Humanoid Robots (Humanoids),},
  pages={183--189},
  year={2012},
}
@inproceedings{englsberger2014trajectory,
  title={Trajectory generation for continuous leg forces during double support and heel-to-toe shift based on divergent component of motion},
  author={Englsberger, Johannes and Koolen, Twan and Bertrand, Sylvain and Pratt, Jerry and Ott, Christian and Albu-Sch{\"a}ffer, Alin},
  booktitle={IEEE/RSJ International Conference on Intelligent Robots and Systems (IROS)},
  pages={4022--4029},
  year={2014},
}
@inproceedings{seyde2018inclusion,
  title={Inclusion of Angular Momentum During Planning for Capture Point Based Walking},
  author={Seyde, Tim and Shrivastava, Apoorv and Englsberger, Johannes and Bertrand, Sylvain and Pratt, Jerry and Griffin, Robert J},
  booktitle={IEEE International Conference on Robotics and Automation (ICRA)},
  pages={1791--1798},
  year={2018},
}
%% ATRIAS
@article{ramezani2014performance,
  title={Performance analysis and feedback control of ATRIAS, a three-dimensional bipedal robot},
  author={Ramezani, Alireza and Hurst, Jonathan W and Hamed, Kaveh Akbari and Grizzle, Jessy W},
  journal={Journal of Dynamic Systems, Measurement, and Control},
  volume={136},
  number={2},
  pages={021012},
  year={2014},
  publisher={American Society of Mechanical Engineers}
}
%% robot arm
@article{asada1990inverse,
  title={Inverse dynamics of flexible robot arms: modeling and computation for trajectory control},
  author={Asada, H and Ma, Z-D and Tokumaru, H},
  journal={Journal of Dynamic Systems, Measurement, and Control},
  volume={112},
  number={2},
  pages={177--185},
  year={1990},
  publisher={American Society of Mechanical Engineers}
}

%% Real robots
@article{radford2015valkyrie,
  title={Valkyrie: Nasa's first bipedal humanoid robot},
  author={Radford, Nicolaus A and Strawser, Philip and Hambuchen, Kimberly and Mehling, Joshua S and Verdeyen, William K and Donnan, A Stuart and Holley, James and Sanchez, Jairo and Nguyen, Vienny and Bridgwater, Lyndon and others},
  journal={Journal of Field Robotics},
  volume={32},
  number={3},
  pages={397--419},
  year={2015},
  publisher={Wiley Online Library}
}

%% russ funnel
@article{tedrake2010lqr,
  title={LQR-trees: Feedback motion planning via sums-of-squares verification},
  author={Tedrake, Russ and Manchester, Ian R and Tobenkin, Mark and Roberts, John W},
  journal={The International Journal of Robotics Research},
  volume={29},
  number={8},
  pages={1038--1052},
  year={2010},
  publisher={SAGE Publications Sage UK: London, England}
}

%% intro
@article{behnke2008humanoid,
  title={Humanoid robots-from fiction to reality?},
  author={Behnke, Sven},
  journal={KI},
  volume={22},
  number={4},
  pages={5--9},
  year={2008}
}

@misc{oldatlas,
  title = {{Image of the Atlas humanoid robot} },
  howpublished = {\url{http://robots.ihmc.us/}},
  note = {Accessed: 27/01/2019}
}
@misc{valkyrie,
  title = {{Image of the Valkyrie humanoid robot} },
  howpublished = {\url{https://spectrum.ieee.org/automaton/robotics/humanoids/video-friday-ihmc-valkyrie-harvard-arthropods-flying-wheeled-robot}},
  note = {Accessed: 27/01/2019}
}

@article{orin2013centroidal,
  title={Centroidal dynamics of a humanoid robot},
  author={Orin, David E and Goswami, Ambarish and Lee, Sung-Hee},
  journal={Autonomous Robots},
  volume={35},
  number={2-3},
  pages={161--176},
  year={2013},
  publisher={Springer}
}

@article{linthorne2001analysis,
  title={Analysis of standing vertical jumps using a force platform},
  author={Linthorne, Nicholas P},
  journal={American Journal of Physics},
  volume={69},
  number={11},
  pages={1198--1204},
  year={2001},
  publisher={AAPT}
}

@article{radford2015valkyrie,
  title={Valkyrie: Nasa's first bipedal humanoid robot},
  author={Radford, Nicolaus A and Strawser, Philip and Hambuchen, Kimberly and Mehling, Joshua S and Verdeyen, William K and Donnan, A Stuart and Holley, James and Sanchez, Jairo and Nguyen, Vienny and Bridgwater, Lyndon and others},
  journal={Journal of Field Robotics},
  volume={32},
  number={3},
  pages={397--419},
  year={2015},
  publisher={Wiley Online Library}
}

@misc{iload,
  title = {{iLoad Pro Digital Load Cell 500 lb specifications} },
  howpublished = {\url{https://www.loadstarsensors.com/iload-pro-industrial-grade-digital-load-cell.html}},
  note = {Accessed: 27/01/2019}
}

@book{mcmahon1983size,
  title={On size and life},
  author={McMahon, Thomas A and Bonner, John Tyler},
  year={1983},
  publisher={Scientific American Library}
}
@article{gard2004comparison,
  title={Comparison of kinematic and kinetic methods for computing the vertical motion of the body center of mass during walking},
  author={Gard, Steven A and Miff, Steve C and Kuo, Arthur D},
  journal={Human movement science},
  volume={22},
  number={6},
  pages={597--610},
  year={2004},
  publisher={Elsevier}
}

@article{kamnardsiria2015knowledge,
  title={Knowledge-Based System Framework for Training Long Jump Athletes Using Action Recognition},
  author={Kamnardsiria, T and Janchaia, W and Khuwuthyakorna, P and Suwansrikhama, P and Klaphajoneb, J and Suriyachanc, P},
  journal={Journal of Advances in Information Technology Vol},
  volume={6},
  number={4},
  year={2015}
}

@book{kisner2017therapeutic,
  title={Therapeutic exercise: foundations and techniques},
  author={Kisner, Carolyn and Colby, Lynn Allen and Borstad, John},
  year={2017},
  publisher={Fa Davis}
}

@book{hasson1994clinical,
  title={Clinical exercise physiology},
  author={Hasson, Scott Mather},
  year={1994},
  publisher={Mosby Inc}
}